@article{a1,
	author = {{Author1, Author2}},
	title = {Title article 1},
	journal = {Journal},
	volume = {1},
	number = {1},
	year = {1000},
	pages = {1--10},
	publisher = {Publisher}
}

@book{b1,
	author = {{Author1, Author2}},
	title = {Title Book 1},
	publisher = {Publisher},
	year = {1000}
}

@manual{m1,
	author = {{Author1, Author2}},
  title = {Title Manual 1},
  organization  = {Organization, e.g University},
  note = {available online at http://www.microlab-mi.net},
  year = {1000}
}

@misc{ site:QCADesigner,
 howpublished="\url{http://www.mina.ubc.ca/qcadesigner}",
}

@misc{site:MinaBistable,
howpublished="\url{http://www.mina.ubc.ca/qcadesigner\_bistable}",
}

@article{art:ITRS_ERD,
	author={International Technology Roadmap For Semiconductors},
  title={Emerging Research Devices},
  year={2009},
}

@article{art:FPGA_Quantum,
	author={Geza Toth, John Timler, Craig S. Lent},
  title={Quantum Computing with Quantum-dot Cellular Automata using Coherence Vector Formalism},
  year={1998},
  school={University of Notre Dame}
}


@article{art:Quantum_QCA,
	author={Geza Toth, Craig S. Lent},
  title={Quantum computing with quantum-dot cellular automata},
  year={2000},
  school={University of Notre Dame}
}